[gd_scene load_steps=9 format=2]

[ext_resource path="res://interactables/speakers/vent_cell_room/vent_cell_room.gd" type="Script" id=1]
[ext_resource path="res://interactables/items/item.tscn" type="PackedScene" id=2]
[ext_resource path="res://assets/images/items/vent.png" type="Texture" id=3]

[sub_resource type="AtlasTexture" id=1]
flags = 4
atlas = ExtResource( 3 )
region = Rect2( 0, 0, 320, 922 )

[sub_resource type="AtlasTexture" id=2]
flags = 4
atlas = ExtResource( 3 )
region = Rect2( 640, 0, 320, 922 )

[sub_resource type="AtlasTexture" id=3]
flags = 4
atlas = ExtResource( 3 )
region = Rect2( 960, 0, 320, 922 )

[sub_resource type="AtlasTexture" id=4]
flags = 4
atlas = ExtResource( 3 )
region = Rect2( 320, 0, 320, 922 )

[sub_resource type="SpriteFrames" id=5]
animations = [ {
"frames": [ SubResource( 1 ) ],
"loop": true,
"name": "default",
"speed": 5.0
}, {
"frames": [ SubResource( 2 ) ],
"loop": true,
"name": "muffled",
"speed": 5.0
}, {
"frames": [ SubResource( 3 ) ],
"loop": true,
"name": "muffled_hover",
"speed": 5.0
}, {
"frames": [ SubResource( 4 ) ],
"loop": true,
"name": "default_hover",
"speed": 5.0
} ]

[node name="Vent" instance=ExtResource( 2 )]
script = ExtResource( 1 )
title = "Vent"
yarn_passage = "Vent"

[node name="CollisionPolygon2D" parent="." index="0"]
polygon = PoolVector2Array( -104, -96, -144, -72, -144, -32, -72, -8, 72, -8, 136, -32, 136, -72, 96, -96, 96, -184, 112, -248, 104, -296, 96, -328, 96, -928, -104, -928, -104, -336, -112, -296, -120, -248, -104, -184 )

[node name="Sprite" parent="." index="1"]
position = Vector2( 0, -464 )
frames = SubResource( 5 )
