[gd_scene load_steps=39 format=2]

[ext_resource path="res://interactables/speakers/speaker.tscn" type="PackedScene" id=1]
[ext_resource path="res://assets/images/speakers/cat-pre-intro.png" type="Texture" id=2]
[ext_resource path="res://interactables/speakers/cat/cat.gd" type="Script" id=3]
[ext_resource path="res://assets/images/speakers/cat-intro.png" type="Texture" id=4]

[sub_resource type="SpriteFrames" id=1]
animations = [ {
"frames": [ ExtResource( 2 ) ],
"loop": true,
"name": "default",
"speed": 5.0
} ]

[sub_resource type="AtlasTexture" id=2]
flags = 4
atlas = ExtResource( 4 )
region = Rect2( 0, 0, 48, 48 )

[sub_resource type="AtlasTexture" id=3]
flags = 4
atlas = ExtResource( 4 )
region = Rect2( 48, 0, 48, 48 )

[sub_resource type="AtlasTexture" id=4]
flags = 4
atlas = ExtResource( 4 )
region = Rect2( 96, 0, 48, 48 )

[sub_resource type="AtlasTexture" id=5]
flags = 4
atlas = ExtResource( 4 )
region = Rect2( 144, 0, 48, 48 )

[sub_resource type="AtlasTexture" id=6]
flags = 4
atlas = ExtResource( 4 )
region = Rect2( 192, 0, 48, 48 )

[sub_resource type="AtlasTexture" id=7]
flags = 4
atlas = ExtResource( 4 )
region = Rect2( 240, 0, 48, 48 )

[sub_resource type="AtlasTexture" id=8]
flags = 4
atlas = ExtResource( 4 )
region = Rect2( 288, 0, 48, 48 )

[sub_resource type="AtlasTexture" id=9]
flags = 4
atlas = ExtResource( 4 )
region = Rect2( 336, 0, 48, 48 )

[sub_resource type="AtlasTexture" id=10]
flags = 4
atlas = ExtResource( 4 )
region = Rect2( 384, 0, 48, 48 )

[sub_resource type="AtlasTexture" id=11]
flags = 4
atlas = ExtResource( 4 )
region = Rect2( 432, 0, 48, 48 )

[sub_resource type="AtlasTexture" id=12]
flags = 4
atlas = ExtResource( 4 )
region = Rect2( 480, 0, 48, 48 )

[sub_resource type="AtlasTexture" id=13]
flags = 4
atlas = ExtResource( 4 )
region = Rect2( 528, 0, 48, 48 )

[sub_resource type="AtlasTexture" id=14]
flags = 4
atlas = ExtResource( 4 )
region = Rect2( 576, 0, 48, 48 )

[sub_resource type="AtlasTexture" id=15]
flags = 4
atlas = ExtResource( 4 )
region = Rect2( 624, 0, 48, 48 )

[sub_resource type="AtlasTexture" id=16]
flags = 4
atlas = ExtResource( 4 )
region = Rect2( 672, 0, 48, 48 )

[sub_resource type="AtlasTexture" id=17]
flags = 4
atlas = ExtResource( 4 )
region = Rect2( 720, 0, 48, 48 )

[sub_resource type="AtlasTexture" id=18]
flags = 4
atlas = ExtResource( 4 )
region = Rect2( 768, 0, 48, 48 )

[sub_resource type="AtlasTexture" id=19]
flags = 4
atlas = ExtResource( 4 )
region = Rect2( 816, 0, 48, 48 )

[sub_resource type="AtlasTexture" id=20]
flags = 4
atlas = ExtResource( 4 )
region = Rect2( 864, 0, 48, 48 )

[sub_resource type="AtlasTexture" id=21]
flags = 4
atlas = ExtResource( 4 )
region = Rect2( 912, 0, 48, 48 )

[sub_resource type="AtlasTexture" id=22]
flags = 4
atlas = ExtResource( 4 )
region = Rect2( 960, 0, 48, 48 )

[sub_resource type="AtlasTexture" id=23]
flags = 4
atlas = ExtResource( 4 )
region = Rect2( 1008, 0, 48, 48 )

[sub_resource type="AtlasTexture" id=24]
flags = 4
atlas = ExtResource( 4 )
region = Rect2( 1056, 0, 48, 48 )

[sub_resource type="AtlasTexture" id=25]
flags = 4
atlas = ExtResource( 4 )
region = Rect2( 1104, 0, 48, 48 )

[sub_resource type="AtlasTexture" id=26]
flags = 4
atlas = ExtResource( 4 )
region = Rect2( 1152, 0, 48, 48 )

[sub_resource type="AtlasTexture" id=27]
flags = 4
atlas = ExtResource( 4 )
region = Rect2( 1200, 0, 48, 48 )

[sub_resource type="AtlasTexture" id=28]
flags = 4
atlas = ExtResource( 4 )
region = Rect2( 1248, 0, 48, 48 )

[sub_resource type="AtlasTexture" id=29]
flags = 4
atlas = ExtResource( 4 )
region = Rect2( 1296, 0, 48, 48 )

[sub_resource type="AtlasTexture" id=30]
flags = 4
atlas = ExtResource( 4 )
region = Rect2( 1344, 0, 48, 48 )

[sub_resource type="AtlasTexture" id=31]
flags = 4
atlas = ExtResource( 4 )
region = Rect2( 1392, 0, 48, 48 )

[sub_resource type="AtlasTexture" id=32]
flags = 4
atlas = ExtResource( 4 )
region = Rect2( 1440, 0, 48, 48 )

[sub_resource type="AtlasTexture" id=33]
flags = 4
atlas = ExtResource( 4 )
region = Rect2( 1488, 0, 48, 48 )

[sub_resource type="SpriteFrames" id=34]
animations = [ {
"frames": [ SubResource( 2 ), SubResource( 3 ), SubResource( 4 ), SubResource( 5 ), SubResource( 6 ), SubResource( 7 ), SubResource( 8 ), SubResource( 9 ), SubResource( 10 ), SubResource( 11 ), SubResource( 12 ), SubResource( 13 ), SubResource( 14 ), SubResource( 15 ), SubResource( 16 ), SubResource( 17 ), SubResource( 18 ), SubResource( 19 ), SubResource( 20 ), SubResource( 21 ), SubResource( 22 ), SubResource( 23 ), SubResource( 24 ), SubResource( 25 ), SubResource( 26 ), SubResource( 27 ), SubResource( 28 ), SubResource( 29 ), SubResource( 30 ), SubResource( 31 ), SubResource( 32 ), SubResource( 33 ) ],
"loop": false,
"name": "default",
"speed": 30.0
} ]

[node name="Cat" instance=ExtResource( 1 )]
script = ExtResource( 3 )
title = "Creature in Wall"
yarn_passage = "Cat"

[node name="CollisionPolygon2D" parent="." index="0"]
position = Vector2( -76, -301.6 )
polygon = PoolVector2Array( 60, -186.4, -12, 277.6, 164, 277.6, 148, -34.4 )

[node name="Sprite" parent="." index="1"]
position = Vector2( 0, -288 )
frames = SubResource( 1 )
playing = true

[node name="Top" type="AnimatedSprite" parent="." index="2"]
position = Vector2( 40, -208 )
frames = SubResource( 34 )
