[gd_scene load_steps=12 format=2]

[ext_resource path="res://interactables/doors/with_ring/door_with_ring.tscn" type="PackedScene" id=1]
[ext_resource path="res://rooms/room.tscn" type="PackedScene" id=2]
[ext_resource path="res://assets/images/backgrounds/machine-bg.png" type="Texture" id=3]
[ext_resource path="res://interactables/doors/hatch/hatch_door.tscn" type="PackedScene" id=4]
[ext_resource path="res://assets/images/items/machine.png" type="Texture" id=5]
[ext_resource path="res://interactables/doors/door.gd" type="Script" id=6]
[ext_resource path="res://assets/images/items/machine-hatch.png" type="Texture" id=7]
[ext_resource path="res://assets/images/items/machine-hatch-hover.png" type="Texture" id=8]
[ext_resource path="res://rooms/access_room/access_room.gd" type="Script" id=9]

[sub_resource type="SpriteFrames" id=1]
animations = [ {
"frames": [ ExtResource( 7 ) ],
"loop": true,
"name": "default",
"speed": 5.0
}, {
"frames": [ ExtResource( 8 ) ],
"loop": true,
"name": "default_hover",
"speed": 5.0
} ]

[sub_resource type="NavigationPolygon" id=2]
vertices = PoolVector2Array( 1504, 832, 1536, 704, 2400, 704, 2584, 984, 152, 984, 512, 832, 288, 704, 448, 704 )
polygons = [ PoolIntArray( 0, 1, 2, 3 ), PoolIntArray( 0, 3, 4, 5 ), PoolIntArray( 5, 4, 6, 7 ) ]
outlines = [ PoolVector2Array( 152, 984, 2584, 984, 2400, 704, 1536, 704, 1504, 832, 512, 832, 448, 704, 288, 704 ) ]

[node name="AccessRoomDoor" instance=ExtResource( 2 )]
script = ExtResource( 9 )

[node name="Background" type="Sprite" parent="." index="1"]
texture = ExtResource( 3 )
centered = false

[node name="machine" type="Sprite" parent="." index="2"]
position = Vector2( 1008, 408 )
texture = ExtResource( 5 )

[node name="CellHallwayDoor" parent="Interactables" index="0" instance=ExtResource( 1 )]
position = Vector2( 224, 832 )
title = "Door to Cell Hallway"
target_door = "AccessRoomDoor"
target_scene = "res://rooms/cell_hallway/cell_hallway.tscn"

[node name="HatchDoor" parent="Interactables" index="1" instance=ExtResource( 4 )]
position = Vector2( 1880, 704 )
title = "Door to Exit"
locked = true
target_scene = "res://rooms/dog_cutscene/dog_cutscene.tscn"

[node name="CatDoor" type="Area2D" parent="Interactables" index="2"]
position = Vector2( 999, 784 )
script = ExtResource( 6 )
title = "Door to Machine"
locked = true
target_scene = "res://rooms/cat_cutscene/cat_cutscene.tscn"

[node name="CollisionPolygon2D" type="CollisionPolygon2D" parent="Interactables/CatDoor" index="0"]
polygon = PoolVector2Array( 153, -32, 153, -360, -143, -360, -143, -32 )

[node name="Sprite" type="AnimatedSprite" parent="Interactables/CatDoor" index="1"]
position = Vector2( 0, -198 )
frames = SubResource( 1 )

[node name="Sounds" type="Node2D" parent="Interactables/CatDoor" index="2"]

[node name="Close" type="AudioStreamPlayer2D" parent="Interactables/CatDoor/Sounds" index="0"]
bus = "SFX"

[node name="Open" type="AudioStreamPlayer2D" parent="Interactables/CatDoor/Sounds" index="1"]
bus = "SFX"

[node name="Unlock" type="AudioStreamPlayer2D" parent="Interactables/CatDoor/Sounds" index="2"]
bus = "SFX"

[node name="LeversRoomDoor" parent="Interactables" index="3" instance=ExtResource( 1 )]
position = Vector2( 2488, 840 )
scale = Vector2( -1, 1 )
title = "Door to Levers Room"
target_door = "AccessRoomDoor"
target_scene = "res://rooms/levers_room/levers_room.tscn"

[node name="NavigationMesh" parent="Navigation" index="0"]
navpoly = SubResource( 2 )

[node name="Player" parent="." index="5"]
position = Vector2( 768, 832 )

[node name="Camera" parent="Player" index="1"]
limit_right = 2754
[connection signal="mouse_entered" from="Interactables/CatDoor" to="Interactables/CatDoor" method="_on_Interactable_mouse_entered"]
[connection signal="mouse_exited" from="Interactables/CatDoor" to="Interactables/CatDoor" method="_on_Interactable_mouse_exited"]
