[gd_scene load_steps=17 format=2]

[ext_resource path="res://assets/images/cell/cell-6.png" type="Texture" id=1]
[ext_resource path="res://assets/images/cell/cell-1.png" type="Texture" id=2]
[ext_resource path="res://rooms/room.tscn" type="PackedScene" id=3]
[ext_resource path="res://assets/images/cell/cell-7.png" type="Texture" id=4]
[ext_resource path="res://assets/images/cell/cell-5.png" type="Texture" id=5]
[ext_resource path="res://assets/images/cell/cell-3.png" type="Texture" id=6]
[ext_resource path="res://assets/images/cell/cell-8.png" type="Texture" id=7]
[ext_resource path="res://assets/images/cell/cell-2.png" type="Texture" id=8]
[ext_resource path="res://assets/images/cell/cell-4.png" type="Texture" id=9]
[ext_resource path="res://rooms/cell_room/cell_room.gd" type="Script" id=10]
[ext_resource path="res://interactables/speakers/cell_intro_speaker/cell_intro_speaker.gd" type="Script" id=11]
[ext_resource path="res://rooms/cell_room/tight_hand_cell_4.gd" type="Script" id=12]
[ext_resource path="res://rooms/cell_room/crack_cell_7.gd" type="Script" id=13]
[ext_resource path="res://interactables/doors/door.gd" type="Script" id=14]
[ext_resource path="res://assets/bgm/ambient_1.ogg" type="AudioStream" id=15]
[ext_resource path="res://assets/sfx/intro/bar_break.wav" type="AudioStream" id=16]

[node name="CellRoom" instance=ExtResource( 3 )]
script = ExtResource( 10 )

[node name="Clicker" parent="." index="0"]
visible = false

[node name="TightHand" type="Area2D" parent="Interactables" index="0"]
script = ExtResource( 11 )
title = "Tight Hand"
yarn_passage = "ChainedTightHand"

[node name="CollisionPolygon2D" type="CollisionPolygon2D" parent="Interactables/TightHand" index="0"]
position = Vector2( -1184, 0 )
polygon = PoolVector2Array( 1352, 1248, 1472, 1088, 1696, 1088, 1680, 1216, 1600, 1360, 1312, 1304 )

[node name="Sprite" type="AnimatedSprite" parent="Interactables/TightHand" index="1"]

[node name="Bar" type="Area2D" parent="Interactables" index="1"]
script = ExtResource( 11 )
title = "Wooden Bar"
yarn_passage = "ChainedBar"

[node name="CollisionPolygon2D" type="CollisionPolygon2D" parent="Interactables/Bar" index="0"]
polygon = PoolVector2Array( 1488, 1296, 504, 1320, 488, 1384, 1504, 1368 )

[node name="Sprite" type="AnimatedSprite" parent="Interactables/Bar" index="1"]

[node name="Navigation" parent="." index="2"]
visible = false

[node name="Player" parent="." index="3"]
visible = false

[node name="Camera" parent="Player" index="1"]
current = false

[node name="Stages" type="Node2D" parent="." index="4"]
position = Vector2( 960, 790 )

[node name="cell-1" type="Sprite" parent="Stages" index="0"]
texture = ExtResource( 2 )

[node name="LooseHand1" type="Area2D" parent="Stages/cell-1" index="0"]
position = Vector2( -960, -790 )
script = ExtResource( 11 )
title = "Loose Hand"
yarn_passage = "LooseHand1"
stage_to_go_to = 1

[node name="CollisionPolygon2D" type="CollisionPolygon2D" parent="Stages/cell-1/LooseHand1" index="0"]
polygon = PoolVector2Array( 1496, 1280, 1472, 1088, 1696, 1088, 1856, 1296, 1856, 1344, 1584, 1424 )

[node name="Sprite" type="AnimatedSprite" parent="Stages/cell-1/LooseHand1" index="1"]

[node name="cell-2" type="Sprite" parent="Stages" index="1"]
texture = ExtResource( 8 )

[node name="LooseHand2" type="Area2D" parent="Stages/cell-2" index="0"]
position = Vector2( -960, -790 )
script = ExtResource( 11 )
title = "Loose Hand"
yarn_passage = "LooseHand2"
stage_to_go_to = 2

[node name="CollisionPolygon2D" type="CollisionPolygon2D" parent="Stages/cell-2/LooseHand2" index="0"]
polygon = PoolVector2Array( 1496, 1280, 1472, 1088, 1696, 1088, 1856, 1296, 1856, 1344, 1584, 1424 )

[node name="Sprite" type="AnimatedSprite" parent="Stages/cell-2/LooseHand2" index="1"]

[node name="cell-3" type="Sprite" parent="Stages" index="2"]
texture = ExtResource( 6 )

[node name="Bar" type="Area2D" parent="Stages/cell-3" index="0"]
position = Vector2( -960, -790 )
script = ExtResource( 11 )
title = "Wooden Bar"
yarn_passage = "BarLooseHand"
item_to_give = "Wooden Bar"
item_to_give_texture = "res://assets/images/cell/bar.png"
stage_to_go_to = 3

[node name="CollisionPolygon2D" type="CollisionPolygon2D" parent="Stages/cell-3/Bar" index="0"]
polygon = PoolVector2Array( 1488, 1296, 504, 1320, 488, 1384, 1504, 1368 )

[node name="Sprite" type="AnimatedSprite" parent="Stages/cell-3/Bar" index="1"]

[node name="cell-4" type="Sprite" parent="Stages" index="3"]
texture = ExtResource( 9 )

[node name="TightHand" type="Area2D" parent="Stages/cell-4" index="0"]
position = Vector2( -960, -790 )
script = ExtResource( 12 )
title = "Tight Hand"
yarn_passage = "TightHandNoItem"

[node name="CollisionPolygon2D" type="CollisionPolygon2D" parent="Stages/cell-4/TightHand" index="0"]
position = Vector2( -1184, 0 )
polygon = PoolVector2Array( 1352, 1248, 1472, 1088, 1696, 1088, 1680, 1216, 1600, 1360, 1312, 1304 )

[node name="Sprite" type="AnimatedSprite" parent="Stages/cell-4/TightHand" index="1"]

[node name="cell-5" type="Sprite" parent="Stages" index="4"]
texture = ExtResource( 5 )

[node name="cell-6" type="Sprite" parent="Stages" index="5"]
texture = ExtResource( 1 )

[node name="Brass" type="Area2D" parent="Stages/cell-6" index="0"]
position = Vector2( -960, -790 )
script = ExtResource( 11 )
title = "Brass"
yarn_passage = "UnchainedBrass"
item_to_give = "Brass"
item_to_give_texture = "res://assets/images/cell/brass.png"
stage_to_go_to = 6

[node name="CollisionPolygon2D" type="CollisionPolygon2D" parent="Stages/cell-6/Brass" index="0"]
polygon = PoolVector2Array( 848, 0, 0, 0, 0, 96, 72, 144, 128, 264, 144, 352, 136, 440, 160, 544, 256, 712, 384, 808, 488, 848, 664, 872, 864, 808, 1032, 640, 1112, 424, 1056, 208, 968, 80 )

[node name="Sprite" type="AnimatedSprite" parent="Stages/cell-6/Brass" index="1"]

[node name="cell-7" type="Sprite" parent="Stages" index="6"]
texture = ExtResource( 4 )

[node name="Crack" type="Area2D" parent="Stages/cell-7" index="0"]
position = Vector2( -960, -790 )
script = ExtResource( 13 )
title = "Crack in Wall"
yarn_passage = "UnchainedCrack"

[node name="CollisionPolygon2D" type="CollisionPolygon2D" parent="Stages/cell-7/Crack" index="0"]
polygon = PoolVector2Array( 1000, 960, 1216, 960, 1144, 552, 1024, 416 )

[node name="Sprite" type="AnimatedSprite" parent="Stages/cell-7/Crack" index="1"]

[node name="cell-8" type="Sprite" parent="Stages" index="7"]
texture = ExtResource( 7 )

[node name="WidenedCrack" type="Area2D" parent="Stages/cell-8" index="0"]
script = ExtResource( 14 )
title = "Widened Crack"
target_scene = "res://rooms/cell_walk_cutscene/cell_walk_cutscene.tscn"

[node name="CollisionPolygon2D" type="CollisionPolygon2D" parent="Stages/cell-8/WidenedCrack" index="0"]
polygon = PoolVector2Array( 128, -326, 288, 162, -96, 162, -96, -30 )

[node name="Sprite" type="AnimatedSprite" parent="Stages/cell-8/WidenedCrack" index="1"]

[node name="Sounds" type="Node2D" parent="Stages/cell-8/WidenedCrack" index="2"]

[node name="Close" type="AudioStreamPlayer2D" parent="Stages/cell-8/WidenedCrack/Sounds" index="0"]
bus = "SFX"

[node name="Open" type="AudioStreamPlayer2D" parent="Stages/cell-8/WidenedCrack/Sounds" index="1"]
bus = "SFX"

[node name="Unlock" type="AudioStreamPlayer2D" parent="Stages/cell-8/WidenedCrack/Sounds" index="2"]
bus = "SFX"

[node name="Camera2D" type="Camera2D" parent="." index="5"]
position = Vector2( 960, 1039 )
current = true

[node name="CameraTween" type="Tween" parent="." index="6"]

[node name="AudioStreamPlayer" type="AudioStreamPlayer" parent="." index="7"]
stream = ExtResource( 15 )
volume_db = -7.576
autoplay = true
bus = "BGM"

[node name="SFX" type="Node" parent="." index="8"]

[node name="BreakBar" type="AudioStreamPlayer" parent="SFX" index="0"]
stream = ExtResource( 16 )
[connection signal="mouse_entered" from="Interactables/TightHand" to="Interactables/TightHand" method="_on_Interactable_mouse_entered"]
[connection signal="mouse_exited" from="Interactables/TightHand" to="Interactables/TightHand" method="_on_Interactable_mouse_exited"]
[connection signal="mouse_entered" from="Interactables/Bar" to="Interactables/Bar" method="_on_Interactable_mouse_entered"]
[connection signal="mouse_exited" from="Interactables/Bar" to="Interactables/Bar" method="_on_Interactable_mouse_exited"]
[connection signal="mouse_entered" from="Stages/cell-1/LooseHand1" to="Stages/cell-1/LooseHand1" method="_on_Interactable_mouse_entered"]
[connection signal="mouse_exited" from="Stages/cell-1/LooseHand1" to="Stages/cell-1/LooseHand1" method="_on_Interactable_mouse_exited"]
[connection signal="mouse_entered" from="Stages/cell-2/LooseHand2" to="Stages/cell-2/LooseHand2" method="_on_Interactable_mouse_entered"]
[connection signal="mouse_exited" from="Stages/cell-2/LooseHand2" to="Stages/cell-2/LooseHand2" method="_on_Interactable_mouse_exited"]
[connection signal="mouse_entered" from="Stages/cell-3/Bar" to="Stages/cell-3/Bar" method="_on_Interactable_mouse_entered"]
[connection signal="mouse_exited" from="Stages/cell-3/Bar" to="Stages/cell-3/Bar" method="_on_Interactable_mouse_exited"]
[connection signal="mouse_entered" from="Stages/cell-4/TightHand" to="Stages/cell-4/TightHand" method="_on_Interactable_mouse_entered"]
[connection signal="mouse_exited" from="Stages/cell-4/TightHand" to="Stages/cell-4/TightHand" method="_on_Interactable_mouse_exited"]
[connection signal="mouse_entered" from="Stages/cell-6/Brass" to="Stages/cell-6/Brass" method="_on_Interactable_mouse_entered"]
[connection signal="mouse_exited" from="Stages/cell-6/Brass" to="Stages/cell-6/Brass" method="_on_Interactable_mouse_exited"]
[connection signal="mouse_entered" from="Stages/cell-7/Crack" to="Stages/cell-7/Crack" method="_on_Interactable_mouse_entered"]
[connection signal="mouse_exited" from="Stages/cell-7/Crack" to="Stages/cell-7/Crack" method="_on_Interactable_mouse_exited"]
[connection signal="mouse_entered" from="Stages/cell-8/WidenedCrack" to="Stages/cell-8/WidenedCrack" method="_on_Interactable_mouse_entered"]
[connection signal="mouse_exited" from="Stages/cell-8/WidenedCrack" to="Stages/cell-8/WidenedCrack" method="_on_Interactable_mouse_exited"]
