[gd_scene load_steps=41 format=2]

[ext_resource path="res://states/state.tscn" type="PackedScene" id=1]
[ext_resource path="res://states/intro/intro_state.gd" type="Script" id=2]
[ext_resource path="res://assets/images/cutscenes/intro.png" type="Texture" id=3]
[ext_resource path="res://gui/hud/curtain.tscn" type="PackedScene" id=4]
[ext_resource path="res://assets/fonts/MedievalSharp-Regular.ttf" type="DynamicFontData" id=5]

[sub_resource type="AtlasTexture" id=1]
flags = 13
atlas = ExtResource( 3 )
region = Rect2( 0, 0, 720, 405 )

[sub_resource type="AtlasTexture" id=2]
flags = 13
atlas = ExtResource( 3 )
region = Rect2( 720, 0, 720, 405 )

[sub_resource type="AtlasTexture" id=3]
flags = 13
atlas = ExtResource( 3 )
region = Rect2( 1440, 0, 720, 405 )

[sub_resource type="AtlasTexture" id=4]
flags = 13
atlas = ExtResource( 3 )
region = Rect2( 2160, 0, 720, 405 )

[sub_resource type="AtlasTexture" id=5]
flags = 13
atlas = ExtResource( 3 )
region = Rect2( 2880, 0, 720, 405 )

[sub_resource type="AtlasTexture" id=6]
flags = 13
atlas = ExtResource( 3 )
region = Rect2( 0, 405, 720, 405 )

[sub_resource type="AtlasTexture" id=7]
flags = 13
atlas = ExtResource( 3 )
region = Rect2( 720, 405, 720, 405 )

[sub_resource type="AtlasTexture" id=8]
flags = 13
atlas = ExtResource( 3 )
region = Rect2( 1440, 405, 720, 405 )

[sub_resource type="AtlasTexture" id=9]
flags = 13
atlas = ExtResource( 3 )
region = Rect2( 2160, 405, 720, 405 )

[sub_resource type="AtlasTexture" id=10]
flags = 13
atlas = ExtResource( 3 )
region = Rect2( 2880, 405, 720, 405 )

[sub_resource type="AtlasTexture" id=11]
flags = 13
atlas = ExtResource( 3 )
region = Rect2( 0, 810, 720, 405 )

[sub_resource type="AtlasTexture" id=12]
flags = 13
atlas = ExtResource( 3 )
region = Rect2( 720, 810, 720, 405 )

[sub_resource type="AtlasTexture" id=13]
flags = 13
atlas = ExtResource( 3 )
region = Rect2( 1440, 810, 720, 405 )

[sub_resource type="AtlasTexture" id=14]
flags = 13
atlas = ExtResource( 3 )
region = Rect2( 2160, 810, 720, 405 )

[sub_resource type="AtlasTexture" id=15]
flags = 13
atlas = ExtResource( 3 )
region = Rect2( 2880, 810, 720, 405 )

[sub_resource type="AtlasTexture" id=16]
flags = 13
atlas = ExtResource( 3 )
region = Rect2( 0, 1215, 720, 405 )

[sub_resource type="AtlasTexture" id=17]
flags = 13
atlas = ExtResource( 3 )
region = Rect2( 720, 1215, 720, 405 )

[sub_resource type="AtlasTexture" id=18]
flags = 13
atlas = ExtResource( 3 )
region = Rect2( 1440, 1215, 720, 405 )

[sub_resource type="AtlasTexture" id=19]
flags = 13
atlas = ExtResource( 3 )
region = Rect2( 2160, 1215, 720, 405 )

[sub_resource type="AtlasTexture" id=20]
flags = 13
atlas = ExtResource( 3 )
region = Rect2( 2880, 1215, 720, 405 )

[sub_resource type="AtlasTexture" id=21]
flags = 13
atlas = ExtResource( 3 )
region = Rect2( 0, 1620, 720, 405 )

[sub_resource type="AtlasTexture" id=22]
flags = 13
atlas = ExtResource( 3 )
region = Rect2( 720, 1620, 720, 405 )

[sub_resource type="AtlasTexture" id=23]
flags = 13
atlas = ExtResource( 3 )
region = Rect2( 1440, 1620, 720, 405 )

[sub_resource type="AtlasTexture" id=24]
flags = 13
atlas = ExtResource( 3 )
region = Rect2( 2160, 1620, 720, 405 )

[sub_resource type="AtlasTexture" id=25]
flags = 13
atlas = ExtResource( 3 )
region = Rect2( 2880, 1620, 720, 405 )

[sub_resource type="AtlasTexture" id=26]
flags = 13
atlas = ExtResource( 3 )
region = Rect2( 0, 2025, 720, 405 )

[sub_resource type="AtlasTexture" id=27]
flags = 13
atlas = ExtResource( 3 )
region = Rect2( 720, 2025, 720, 405 )

[sub_resource type="AtlasTexture" id=28]
flags = 13
atlas = ExtResource( 3 )
region = Rect2( 1440, 2025, 720, 405 )

[sub_resource type="AtlasTexture" id=29]
flags = 13
atlas = ExtResource( 3 )
region = Rect2( 2160, 2025, 720, 405 )

[sub_resource type="AtlasTexture" id=30]
flags = 13
atlas = ExtResource( 3 )
region = Rect2( 2880, 2025, 720, 405 )

[sub_resource type="AtlasTexture" id=31]
flags = 13
atlas = ExtResource( 3 )
region = Rect2( 0, 2430, 720, 405 )

[sub_resource type="AtlasTexture" id=32]
flags = 13
atlas = ExtResource( 3 )
region = Rect2( 720, 2430, 720, 405 )

[sub_resource type="AtlasTexture" id=33]
flags = 13
atlas = ExtResource( 3 )
region = Rect2( 1440, 2430, 720, 405 )

[sub_resource type="SpriteFrames" id=34]
animations = [ {
"frames": [ SubResource( 1 ), SubResource( 2 ), SubResource( 3 ), SubResource( 4 ), SubResource( 5 ), SubResource( 6 ), SubResource( 7 ), SubResource( 8 ), SubResource( 9 ), SubResource( 10 ), SubResource( 11 ), SubResource( 12 ), SubResource( 13 ), SubResource( 14 ), SubResource( 15 ), SubResource( 16 ), SubResource( 17 ), SubResource( 18 ), SubResource( 19 ), SubResource( 20 ), SubResource( 21 ), SubResource( 22 ), SubResource( 23 ), SubResource( 24 ), SubResource( 25 ), SubResource( 26 ), SubResource( 27 ), SubResource( 28 ), SubResource( 29 ), SubResource( 30 ), SubResource( 31 ), SubResource( 32 ), SubResource( 33 ) ],
"loop": false,
"name": "default",
"speed": 15.0
} ]

[sub_resource type="DynamicFont" id=35]
size = 128
outline_size = 2
outline_color = Color( 0, 0, 0, 1 )
use_mipmaps = true
use_filter = true
font_data = ExtResource( 5 )

[node name="IntroState" instance=ExtResource( 1 )]
script = ExtResource( 2 )

[node name="ColorRect" type="ColorRect" parent="." index="0"]
anchor_right = 1.0
anchor_bottom = 1.0
__meta__ = {
"_edit_use_anchors_": false
}

[node name="AnimatedSprite" type="AnimatedSprite" parent="." index="1"]
position = Vector2( 960, 1080 )
scale = Vector2( 2.67, 2.67 )
frames = SubResource( 34 )
frame = 11
centered = false
offset = Vector2( -360, -405 )

[node name="Label" type="Label" parent="." index="2"]
anchor_right = 1.0
margin_right = 0.00012207
margin_bottom = 384.0
custom_fonts/font = SubResource( 35 )
custom_colors/font_color = Color( 0, 0, 0, 1 )
text = "GIANT DOG ACQUIRED COG"
align = 1
valign = 1
__meta__ = {
"_edit_use_anchors_": false
}

[node name="Tween" type="Tween" parent="." index="3"]

[node name="Curtain" parent="." index="4" instance=ExtResource( 4 )]
[connection signal="animation_finished" from="AnimatedSprite" to="." method="_on_AnimatedSprite_animation_finished"]
[connection signal="tween_completed" from="Tween" to="." method="_on_Tween_tween_completed"]
