[gd_scene load_steps=6 format=2]

[ext_resource path="res://assets/fonts/MedievalSharp-Regular.ttf" type="DynamicFontData" id=1]
[ext_resource path="res://gui/hud/pause_menu.gd" type="Script" id=2]
[ext_resource path="res://states/main_menu/main_menu_option.tscn" type="PackedScene" id=3]

[sub_resource type="DynamicFont" id=1]
size = 180
outline_color = Color( 0, 0, 0, 1 )
use_mipmaps = true
use_filter = true
font_data = ExtResource( 1 )

[sub_resource type="StyleBoxEmpty" id=2]

[node name="PauseMenu" type="VBoxContainer"]
margin_right = 697.0
margin_bottom = 241.0
script = ExtResource( 2 )
__meta__ = {
"_edit_use_anchors_": false
}

[node name="Title" type="Label" parent="."]
margin_right = 697.0
margin_bottom = 204.0
custom_fonts/font = SubResource( 1 )
text = "PAUSED"
align = 1

[node name="HSeparator" type="HSeparator" parent="."]
margin_top = 208.0
margin_right = 697.0
margin_bottom = 256.0
custom_styles/separator = SubResource( 2 )
custom_constants/separation = 48

[node name="ResumeGame" parent="." instance=ExtResource( 3 )]
margin_top = 260.0
margin_right = 697.0
margin_bottom = 360.0
text = "Resume Game"

[node name="Quicksave" parent="." instance=ExtResource( 3 )]
margin_top = 364.0
margin_right = 697.0
margin_bottom = 464.0
text = "Quicksave"

[node name="Quickload" parent="." instance=ExtResource( 3 )]
margin_top = 468.0
margin_right = 697.0
margin_bottom = 568.0
text = "Quickload"

[node name="ToggleFullscreen" parent="." instance=ExtResource( 3 )]
margin_top = 572.0
margin_right = 697.0
margin_bottom = 672.0
text = "Toggle Fullscreen"

[node name="QuitGame" parent="." instance=ExtResource( 3 )]
margin_top = 676.0
margin_right = 697.0
margin_bottom = 776.0
text = "Quit Game"
[connection signal="pressed" from="ResumeGame" to="." method="_on_ResumeGame_pressed"]
[connection signal="pressed" from="Quicksave" to="." method="_on_Quicksave_pressed"]
[connection signal="pressed" from="Quickload" to="." method="_on_Quickload_pressed"]
[connection signal="pressed" from="ToggleFullscreen" to="." method="_on_ToggleFullscreen_pressed"]
[connection signal="pressed" from="QuitGame" to="." method="_on_QuitGame_pressed"]
